%%%%%%%%%%%%%%%%%%%%%%%%%%%%
% ----- Related Work ----- %
%%%%%%%%%%%%%%%%%%%%%%%%%%%%
@inbook{BillE,
    author = {Ben Jenett and Kenneth Cheung},
    title = {BILL-E: Robotic Platform for Locomotion and Manipulation of Lightweight Space Structures},
    booktitle = {25th AIAA/AHS Adaptive Structures Conference},
    chapter = {},
    pages = {},
    doi = {10.2514/6.2017-1876},
    URL = {https://arc.aiaa.org/doi/abs/10.2514/6.2017-1876},
    eprint = {https://arc.aiaa.org/doi/pdf/10.2514/6.2017-1876}
}